%% This BibTeX bibliography file was created using BibDesk.
%% https://bibdesk.sourceforge.io/

%% Created for Iris at 2018-05-22 17:06:54 +0800 


%% Saved with string encoding Unicode (UTF-8) 

@article{abelson1985variance,
	title={A variance explanation paradox: When a little is a lot},
	author={Abelson, Robert P},
	journal={Psychological Bulletin},
	volume={97},
	year={1985},
	pages={129--133},
	doi={10.1037/0033-2909.97.1.129}
}

@article{kelley2012effect,
	title={On effect size},
	year=2012,
	author={Kelley, Ken and Preacher, Kristopher J},
	journal={Psychological Methods},
	volume=17,
	pages={137--152},
	doi={10.1037/a0028086}
}

@article{ba2008deficits,
	title={Deficits in neurocognition, theory of mind, and social functioning in patients with schizophrenic disorders: Are they related?},
	author={B{\^a}, Maryse Badan and Zanello, Adriano and Varnier, Marion and Koellner, Vanessa and Merlo, Marco CG},
	journal={The Journal of Nervous and Mental Disease},
	volume={196},
	pages={153--156},
	year={2008},
	publisher={LWW},
	doi={10.1097/NMD.0b013e318162aa08}
}

@article{bertrand2007social,
	title={Social cognitive impairments in first episode psychosis},
	author={Bertrand, Marie-Claude and Sutton, Hazel and Achim, Am{\'e}lie M and Malla, Ashok K and Lepage, Martin},
	journal={Schizophrenia Research},
	volume={95},
	pages={124--133},
	year={2007},
	publisher={Elsevier},
	doi={10.1016/j.schres.2007.05.033}
}

@article{bora2008deficits,
	title={Deficits of social-cognitive and social-perceptual aspects of theory of mind in remitted patients with schizophrenia: Effect of residual symptoms},
	author={Bora, Emre and G{\"o}k{\c{c}}en, Sezen and Kayahan, B{\"u}lent and Veznedaroglu, Baybars},
	journal={The Journal of Nervous and Mental Disease},
	volume={196},
	pages={95--99},
	year={2008},
	publisher={LWW},
	doi={10.1097/NMD.0b013e318162a9e1}
}

@article{brune2007mental,
	title={Mental state attribution, neurocognitive functioning, and psychopathology: What predicts poor social competence in schizophrenia best?},
	author={Br{\"u}ne, Martin and Abdel-Hamid, Mona and Lehmk{\"a}mper, Caroline and Sonntag, Claudia},
	journal={Schizophrenia Research},
	volume={92},
	pages={151--159},
	year={2007},
	publisher={Elsevier},
	doi={10.1016/j.schres.2007.01.006}
}

@article{brune2005proverb,
	title={Proverb comprehension reconsidered—‘{T}heory of mind’and the pragmatic use of language in schizophrenia},
	author={Br{\"u}ne, Martin and Bodenstein, Luise},
	journal={Schizophrenia Research},
	volume={75},
	pages={233--239},
	year={2005},
	publisher={Elsevier},
	doi={10.1016/j.schres.2004.11.006}
}

@article{brunet2003reasoning,
	title={Reasoning about physical causality and other's intentions in schizophrenia},
	author={Brunet, Eric and Sarfati, Yves and Hardy-Bayl{\'e}, Marie-Christine},
	journal={Cognitive Neuropsychiatry},
	volume={8},
	pages={129--139},
	year={2003},
	publisher={Taylor \& Francis},
	doi={10.1080/13546800244000256}
}

@article{corcoran2003autobiographical,
	title={Autobiographical memory and theory of mind: Evidence of a relationship in schizophrenia},
	author={Corcoran, Rhiannon and Frith, Christopher D},
	journal={Psychological Medicine},
	volume={33},
	pages={897--905},
	year={2003},
	publisher={Cambridge University Press},
	doi={10.1017/S0033291703007529}
}

@article{corcoran1995schizophrenia,
	title={Schizophrenia, symptomatology and social inference: Investigating “theory of mind” in people with schizophrenia},
	author={Corcoran, Rhiannon and Mercer, Gavin and Frith, Christopher D},
	journal={Schizophrenia Research},
	volume={17},
	pages={5--13},
	year={1995},
	publisher={Elsevier},
	doi={10.1016/0920-9964(95)00024-G}
}

@article{corcoran2008transdiagnostic,
	title={A transdiagnostic investigation of ‘theory of mind’and ‘jumping to conclusions’ in patients with persecutory delusions},
	author={Corcoran, Rhiannon and Rowse, Georgina and Moore, Rosie and Blackwood, Nigel and Kinderman, Peter and Howard, Robert and Cummins, S and Bentall, Richard P},
	journal={Psychological Medicine},
	volume={38},
	pages={1577--1583},
	year={2008},
	publisher={Cambridge University Press},
	doi={10.1017/S0033291707002152}
}

@article{couture2008assessment,
	title={Assessment of social judgments and complex mental states in the early phases of psychosis},
	author={Couture, Shannon M and Penn, David L and Addington, Jean and Woods, Scott W and Perkins, Diana O},
	journal={Schizophrenia Research},
	volume={100},
	pages={237--241},
	year={2008},
	publisher={Elsevier},
	doi={10.1016/j.schres.2007.12.484}
}

@article{craig2004persecutory,
	title={Persecutory beliefs, attributions and theory of mind: Comparison of patients with paranoid delusions, {A}sperger's syndrome and healthy controls},
	author={Craig, Jaime S and Hatton, Christopher and Craig, Fiona B and Bentall, Richard P},
	journal={Schizophrenia Research},
	volume={69},
	number={1},
	pages={29--33},
	year={2004},
	publisher={Elsevier},
	doi={10.1016/S0920-9964(03)00154-3}
}

@article{harrington2005schizophrenia,
	title={Schizophrenia, theory of mind, and persecutory delusions},
	author={Harrington, Leigh and Langdon, Robyn and Siegert, Richard J and McClure, John},
	journal={Cognitive Neuropsychiatry},
	volume={10},
	number={2},
	pages={87--104},
	year={2005},
	publisher={Taylor \& Francis},
	doi={10.1080/13546800344000327}
}

@article{kelemen2005theory,
	title={Theory of mind and motion perception in schizophrenia},
	author={Kelemen, Oguz and Erd{\'e}lyi, Rita and Pataki, Ilona and Benedek, Gy{\"o}rgy and Janka, Zolt{\'a}n and K{\'e}ri, Szabolcs},
	journal={Neuropsychology},
	volume={19},
	number={4},
	pages={494--500},
	year={2005},
	publisher={American Psychological Association},
	doi={10.1037/0894-4105.19.4.494}
}

@article{kington2000impaired,
	title={Impaired eye expression recognition in schizophrenia},
	author={Kington, J. M. and Jones, L. A. and Watt, A. A. and Hopkin, E. J. and Williams, Julie},
	journal={Journal of Psychiatric Research},
	volume={34},
	number={4-5},
	pages={341--347},
	year={2000},
	publisher={Elsevier},
	doi={10.1016/s0022-3956(00)00029-7}
}

@article{langdon2001visual,
	title={Visual and cognitive perspective-taking impairments in schizophrenia: A failure of allocentric simulation?},
	author={Langdon, Robyn and Coltheart, Max and Ward, Philip B and Catts, Stanley V},
	journal={Cognitive Neuropsychiatry},
	volume={6},
	number={4},
	pages={241--269},
	year={2001},
	publisher={Taylor \& Francis},
	doi={10.1080/13546800143000005}
}

@article{langdon2002disturbed,
	title={Disturbed communication in schizophrenia: The role of poor pragmatics and poor mind-reading},
	author={Langdon, Robyn and Coltheart, Max and Ward, Philip B and Catts, Stanley V},
	journal={Psychological Medicine},
	volume={32},
	number={7},
	pages={1273--1284},
	year={2002},
	publisher={Cambridge University Press},
	doi={10.1017/S0033291702006396}
}

@article{langdon2006externalizing,
	title={Externalizing and personalizing biases in persecutory delusions: The relationship with poor insight and theory-of-mind},
	author={Langdon, Robyn and Corner, Tonia and McLaren, Jen and Ward, Philip B and Coltheart, Max},
	journal={Behaviour Research and Therapy},
	volume={44},
	number={5},
	pages={699--713},
	year={2006},
	publisher={Elsevier},
	doi={10.1016/j.brat.2005.03.012}
}

@article{marjoram2005symptomatology,
	title={Symptomatology and social inference: A theory of mind study of schizophrenia and psychotic affective disorder},
	author={Marjoram, Dominic and Gardner, Clare and Burns, Jonathan and Miller, Patrick and Lawrie, Stephen M. and Johnstone, Eve C.},
	journal={Cognitive Neuropsychiatry},
	volume={10},
	number={5},
	pages={347--359},
	year={2005},
	publisher={Taylor \& Francis},
	doi={10.1080/13546800444000092}
}

@article{martino2007neuropsychological,
	title={Neuropsychological frontal impairments and negative symptoms in schizophrenia},
	author={Martino, Diego J and Bucay, Demi{\'a}n and Butman, Judith T and Allegri, Ricardo F},
	journal={Psychiatry Research},
	volume={152},
	number={2-3},
	pages={121--128},
	year={2007},
	publisher={Elsevier},
	doi={10.1016/j.psychres.2006.03.002}
}

@article{mo2008comprehension,
	title={Comprehension of metaphor and irony in schizophrenia during remission: The role of theory of mind and {IQ}},
	author={Mo, Shuliang and Su, Yanjie and Chan, Raymond CK and Liu, Jianxin},
	journal={Psychiatry Research},
	volume={157},
	number={1-3},
	pages={21--29},
	year={2008},
	publisher={Elsevier},
	doi={10.1016/j.psychres.2006.04.002}
}

@article{pinkham2006neurocognitive,
	title={Neurocognitive and social cognitive predictors of interpersonal skill in schizophrenia},
	author={Pinkham, Amy E and Penn, David L},
	journal={Psychiatry Research},
	volume={143},
	number={2-3},
	pages={167--178},
	year={2006},
	publisher={Elsevier},
	doi={10.1016/j.psychres.2005.09.005}
}

@article{pousa2008theory,
	title={Theory of mind deficits in chronic schizophrenia: Evidence for state dependence},
	author={Pousa, Esther and Du{\~n}{\'o}, Ros{\'o} and Br{\'e}bion, Gildas and David, Anthony S and Ruiz, Ada I and Obiols, Jordi E},
	journal={Psychiatry Research},
	volume={158},
	number={1},
	pages={1--10},
	year={2008},
	publisher={Elsevier},
	doi={10.1016/j.psychres.2006.05.018}
}

@article{randall2003attention,
	title={Attention, theory of mind, and causal attributions in people with persecutory delusions: A preliminary investigation},
	author={Randall, Fiona and Corcoran, Rhiannon and Day, Jennifer C. and Bentall, Richard P.},
	journal={Cognitive Neuropsychiatry},
	volume={8},
	number={4},
	pages={287--294},
	year={2003},
	publisher={Taylor \& Francis},
	doi={10.1080/135468000057}
}

@article{russell2000exploring,
	title={Exploring the social brain in schizophrenia: Left prefrontal underactivation during mental state attribution},
	author={Russell, Tamara A and Rubia, Katya and Bullmore, Edward T and Soni, W and Suckling, John and Brammer, Michael J and Simmons, Andrew and Williams, Steve CR and Sharma, Tonmoy},
	journal={American Journal of Psychiatry},
	volume={157},
	number={12},
	pages={2040--2042},
	year={2000},
	publisher={Am Psychiatric Assoc},
	doi={10.1176/appi.ajp.157.12.2040}
}

@article{sarfati1997attribution,
	title={Attribution of intentions to others in people with schizophrenia: A non-verbal exploration with comic strips},
	author={Sarfati, Yves and Hardy-Bayl{\'e}, Marie-Christine and Besche, Chrystel and Widl{\"o}cher, Daniel},
	journal={Schizophrenia Research},
	volume={25},
	number={3},
	pages={199--209},
	year={1997},
	publisher={Elsevier},
	doi={10.1016/s0920-9964(97)00025-x}
}

@article{sarfati1999investigating,
	title={Investigating theory of mind in schizophrenia: Influence of verbalization in disorganized and non-disorganized patients},
	author={Sarfati, Yves and Hardy-Bayl{\'e}, Marie-Christine and Brunet, Eric and Widl{\"o}cher, Daniel},
	journal={Schizophrenia Research},
	volume={37},
	number={2},
	pages={183--190},
	year={1999},
	publisher={Elsevier},
	doi={10.1016/s0920-9964(98)00154-6}

